<?xml version="1.0" encoding="UTF-8"?><collection xmlns="http://www.loc.gov/MARC21/slim"><record><leader>00598nam--2200181-u-4500</leader><controlfield tag="001">000055704</controlfield><controlfield tag="002">20161230</controlfield><controlfield tag="005">20161230201052</controlfield><controlfield tag="008">130329s1000------------r-----000-0-eng-d</controlfield><datafield ind1=" " ind2=" " tag="040"><subfield code="a">IFIN-HH</subfield></datafield><datafield ind1=" " ind2=" " tag="080"><subfield code="a">539.171.4(061.3)</subfield></datafield><datafield ind1="1" ind2=" " tag="100"><subfield code="a">International Atomic Energy Agency</subfield></datafield><datafield ind1="1" ind2="0" tag="245"><subfield code="a">Neutron inelastic scattering</subfield><subfield code="b">The fourth iaea symposium on neutron inelastic scattering proceedings of a symposium, copenhagen, 20-25 may 1968</subfield></datafield><datafield ind1=" " ind2=" " tag="260"><subfield code="a">Vienna</subfield><subfield code="b">International Atomic Energy Agency</subfield><subfield code="c">1968</subfield></datafield><datafield ind1=" " ind2=" " tag="300"><subfield code="a">2 VOL</subfield></datafield><datafield ind1="1" ind2=" " tag="787"><subfield code="a">Vol. Ii</subfield><subfield code="h">457p</subfield></datafield><datafield ind1=" " ind2=" " tag="852"><subfield code="a">29608</subfield><subfield code="c">H.H</subfield></datafield><datafield ind1=" " ind2=" " tag="CAT"><subfield code="a">Sys</subfield><subfield code="c">20130329</subfield><subfield code="h">115201</subfield></datafield></record></collection>